<?xml version="1.0" encoding="UTF-8"?><collection xmlns="http://www.loc.gov/MARC21/slim"><record><leader>00378nam--2200133-i-4500</leader><controlfield tag="001">000018918</controlfield><controlfield tag="002">20161230</controlfield><controlfield tag="005">20161230201032</controlfield><controlfield tag="008">060222s1000------------r-----000-0-eng-d</controlfield><datafield ind1=" " ind2=" " tag="080"><subfield code="a">621.039</subfield></datafield><datafield ind1=" " ind2=" " tag="100"><subfield code="a">Eggelston, Wilfrid</subfield></datafield><datafield ind1=" " ind2=" " tag="245"><subfield code="a">Canada`s nuclear story.with a foreword by c.j. mackenzie</subfield></datafield><datafield ind1=" " ind2=" " tag="260"><subfield code="a">Toronto, Vancouver, Clarke, Irwin &amp; Co.Ltd., 1965.   368 P</subfield></datafield><datafield ind1=" " ind2=" " tag="852"><subfield code="a">25186</subfield></datafield></record></collection>